@misc{renewable_2023,
	title = {Renewable Energy},
	url = {https://ourworldindata.org/renewable-energy},
	abstract = {Renewable energy sources are growing quickly and will play a vital role in tackling climate change.},
	journal = {Our World in Data},
	author = {Ritchie, Hannah and Roser, Max and Rosado, Pablo},
	month = dec,
	year = {2020},
}

@misc{hydropower,
	title = {Hydropower generation},
	url = {https://ourworldindata.org/grapher/hydropower-consumption},
	abstract = {Annual hydropower generation is measured in terawatt-hours (TWh).},
	journal = {Our World in Data},
}


@misc{themes,
	title = {Reveal Themes},
	url = {https://quarto.org/docs/presentations/revealjs/themes.html},
	journal = {Quarto},
}

@misc{emissions_2021,
	title = {Where Do Emissions Come From? 4 Charts Explain Greenhouse Gas Emissions by Sector},
	shorttitle = {Where Do Emissions Come From?},
	url = {https://www.wri.org/insights/4-charts-explain-greenhouse-gas-emissions-countries-and-sectors},
	abstract = {Carbon dioxide and other greenhouse gases are rapidly warming the planet. But where do they come from? WRI experts explain which sectors emit the most GHGs.},
	author = {Ge, Mengpin, and Friedrich, Johannes and Leandro, Vigna},
	month = dec,
	year = {2024},
}

@misc{readr,
	title = {Readr},
	url = {https://readr.tidyverse.org/},
	abstract = {The goal of readr is to provide a fast and friendly way to
    read rectangular data (like csv, tsv, and fwf).},
	author = {Wickham, Hadley and Hester, Jim and Bryan, Jennifer},
}

@misc{wickham_welcome_2019,
	title = {Welcome to the Tidyverse},
	volume = {4},
	issn = {2475-9066},
	url = {https://joss.theoj.org/papers/10.21105/joss.01686},
	doi = {10.21105/joss.01686},
	abstract = {Wickham et al., (2019). Welcome to the Tidyverse. Journal of Open Source Software, 4(43), 1686, https://doi.org/10.21105/joss.01686},
	number = {43},
	journal = {Journal of Open Source Software},
	author = {Wickham, Hadley and Averick, Mara and Bryan, Jennifer and Chang, Winston and McGowan, Lucy D'Agostino and François, Romain and Grolemund, Garrett and Hayes, Alex and Henry, Lionel and Hester, Jim and Kuhn, Max and Pedersen, Thomas Lin and Miller, Evan and Bache, Stephan Milton and Müller, Kirill and Ooms, Jeroen and Robinson, David and Seidel, Dana Paige and Spinu, Vitalie and Takahashi, Kohske and Vaughan, Davis and Wilke, Claus and Woo, Kara and Yutani, Hiroaki},
	month = nov,
	year = {2019},
	pages = {1686},
}

@misc{xie_library,
	title = {Library knitr},
	url = {https://yihui.org/knitr/},
	abstract = {knitr: A General-Purpose Package for Dynamic Report Generation in R. R package version 1.50},
	author = {Xie, Yihui},
}